<?xml version="1.0" encoding="UTF-8"?><record xmlns="http://www.loc.gov/MARC21/slim" xmlns:cinclude="http://apache.org/cocoon/include/1.0" xmlns:zs="http://www.loc.gov/zing/srw/">
  <leader>01080cz  a2200205n  4500</leader>
  <controlfield tag="001">n  99021840 </controlfield>
  <controlfield tag="003">DLC</controlfield>
  <controlfield tag="005">20120810084652.0</controlfield>
  <controlfield tag="008">990318n| acannaabn          |a ana      </controlfield>
  <datafield tag="010" ind1=" " ind2=" ">
    <subfield code="a">n  99021840 </subfield>
    <subfield code="z">no 98100367 </subfield>
  </datafield>
  <datafield tag="035" ind1=" " ind2=" ">
    <subfield code="a">(OCoLC)oca04946938</subfield>
  </datafield>
  <datafield tag="040" ind1=" " ind2=" ">
    <subfield code="a">DLC</subfield>
    <subfield code="b">eng</subfield>
    <subfield code="c">DLC</subfield>
    <subfield code="d">DLC</subfield>
    <subfield code="d">MoSU-L</subfield>
    <subfield code="d">DLC</subfield>
    <subfield code="d">IEN</subfield>
    <subfield code="d">DLC</subfield>
  </datafield>
  <datafield tag="111" ind1="2" ind2=" ">
    <subfield code="a">Conference on the Law of the World</subfield>
  </datafield>
  <datafield tag="411" ind1="2" ind2=" ">
    <subfield code="a">Beijing Conference on the Law of the World</subfield>
    <subfield code="d">(1990)</subfield>
  </datafield>
  <datafield tag="511" ind1="2" ind2=" ">
    <subfield code="w">a</subfield>
    <subfield code="a">World Conference on World Peace Through the Rule of Law</subfield>
  </datafield>
  <datafield tag="511" ind1="2" ind2=" ">
    <subfield code="w">b</subfield>
    <subfield code="a">Congress on the Law of the World</subfield>
  </datafield>
  <datafield tag="667" ind1=" " ind2=" ">
    <subfield code="a">THIS 1XX FIELD CANNOT BE USED UNDER RDA UNTIL THIS RECORD HAS BEEN REVIEWED AND/OR UPDATED</subfield>
  </datafield>
  <datafield tag="670" ind1=" " ind2=" ">
    <subfield code="a">Eighteenth Conference on the Law of ... [1997]:</subfield>
    <subfield code="b">t.p. (Eighteenth Conference on the Law of the World, held Sept. 21-26, 1997, at Doha, Qatar)</subfield>
  </datafield>
  <datafield tag="670" ind1=" " ind2=" ">
    <subfield code="a">Conciliation in China, 1990:</subfield>
    <subfield code="b">cover (Beijing Conference on the Law of the World, April 22-27, 1990)</subfield>
  </datafield>
  <datafield tag="675" ind1=" " ind2=" ">
    <subfield code="a">Congress on the Law of the world, 22nd, 2005; The protection of human rights in Africa, 1973 (Abidjan World Conference on World Peace through Law, 1973)</subfield>
  </datafield>
</record>